%% This BibTeX bibliography file was created using BibDesk.
%% http://bibdesk.sourceforge.net/


%% Created for Jeremy Conlin at 2010-09-24 11:40:38 -0600 


%% Saved with string encoding Unicode (UTF-8) 



@book{Watkins:2002Funda-0,
	Address = {New York},
	Author = {David S. Watkins},
	Date-Added = {2010-09-24 11:40:36 -0600},
	Date-Modified = {2010-09-24 11:40:36 -0600},
	Edition = {Second},
	Publisher = {Wiley-Interscience},
	Read = {1},
	Title = {Fundamentals of Matrix Computations},
	Year = {2002}}

@article{Rathkopf:1986The-F-0,
	Abstract = {The finite element response matrix method has been applied to the solution of the neutron transport 
equation. This method has previously been applied to the neutron diffusion equation for coarse mesh reactor 
analysis with excellent results. As with the diffusion equation implementation, the transport method employs a 
local-global projection technique to allow treatment of internal heterogeneities that would normally not be resolved 
by the coarse global mesh that is needed for computational efficiency. However, since the transport equation 
includes the angular domain, the local~lobal projection technique has been extended to angle as well as space. 
Since the response matrices do not depend on the multiplication factor, a conventional fission source iteration 
method is utilized for criticality problems. The method has been applied to the one-dimensional and two- 
dimensional neutron transport equations. For one-dimensional geometries, the local global projection method 
yields excellent results, indicating the potential of this approach as a viable coarse mesh transport method. 
Numerical results are presented for several one-dimensional configurations that were analyzed with varying choices 
of local and global meshes in the spatial domain. Preliminary results with two-dimensional applications indicate 
that computational times may be an order of magnitude faster than with the conventional finite element solution of 
the two-dimensional transport equation. 
},
	Address = {OXFORD},
	Author = {Rathkopf, J. A. and Martin, W. R.},
	Author-Address = {UNIV MICHIGAN,DEPT NUCL ENGN,ANN ARBOR,MI 48109.},
	Cited-Reference-Count = {15},
	Cited-References = {ALCOUFFE RE, 1979, NUCL SCI ENG, V71, P111 BRIGGS LL, 1977, NUCL SCI ENG, V63, P225 BRIGGS LL, 1980, NUCL SCI ENG, V75, P76 KAPER HG, 1974, NUCL SCI ENG, V54, P94 LORENCE LJ, 1984, THESIS U MICHIGAN AN LORENCE LJ, 1985, T TH STAT PHY, V14, P35 MARTIN WR, 1981, ANN NUCL ENERGY, V8, P663 MILLER WF, 1973, NUCL SCI EN, V51, P148 MILLER WF, 1973, NUCL SCI ENG, V52, P12 NAKATA H, 1981, THESIS U MICHIGAN AN NAKATA H, 1983, NUCL SCI ENG, V85, P289 PLECHATY EF, 1976, UCRL50400 LAWR LIV L RATHKOPF JA, 1984, THESIS U MICHIGAN AN REED WH, 1971, NUCL SCI ENG, V46, P309 YEHNERT CE, 1978, THESIS U MICHIGAN AN},
	Date-Added = {2010-07-22 16:31:45 -0600},
	Date-Modified = {2010-07-22 16:31:45 -0600},
	Document-Type = {Review},
	Isi = {ISI:A1986E641700025},
	Isi-Document-Delivery-Number = {E6417},
	Issn = {0149-1970},
	Journal = {Progress in Nuclear Energy},
	Language = {English},
	Local-Url = {file://localhost/Users/jlconlin/Documents/Education/Papers/Rathkopf/Rathkopf1986The%20Fin.pdf},
	Number = {1-2},
	Page-Count = {14},
	Pages = {237--250},
	Publication-Type = {J},
	Publisher = {PERGAMON-ELSEVIER SCIENCE LTD},
	Publisher-Address = {THE BOULEVARD, LANGFORD LANE, KIDLINGTON, OXFORD, ENGLAND OX5 1GB},
	Read = {1},
	Source = {PROG NUCL ENERGY},
	Subject-Category = {Nuclear Science & Technology},
	Times-Cited = {1},
	Title = {The Finite Element Response Matrix Method for the Solution of the Neuron Transport Equation},
	Volume = {18},
	Year = {1986},
	Bdsk-File-1 = {YnBsaXN0MDDUAQIDBAUIJidUJHRvcFgkb2JqZWN0c1gkdmVyc2lvblkkYXJjaGl2ZXLRBgdUcm9vdIABqAkKFRYXGyIjVSRudWxs0wsMDQ4RFFpOUy5vYmplY3RzV05TLmtleXNWJGNsYXNzog8QgASABqISE4ACgAOAB1lhbGlhc0RhdGFccmVsYXRpdmVQYXRo0hgNGRpXTlMuZGF0YU8RAdgAAAAAAdgAAgAACVBOMTIxMzA2NwAAAAAAAAAAAAAAAAAAAAAAAMeoCnBIKwAAAQDsORlSYXRoa29wZjE5ODZUaGUtRi0wLTEucGRmAAAAAAAAAAAAAAAAAAAAAAAAAAAAAAAAAAAAAAAAAAAAAAAAAAABAKLSwdy0pgAAAAAAAAAAAAIABAAACSAAAAAAAAAAAAAAAAAAAAAIUmF0aGtvcGYAEAAIAADHqGzgAAAAEQAIAADB3RcWAAAAAQAUAQDsOQEAxs8AA9CeAAPQkQAAkZEAAgBTUE4xMjEzMDY3OlVzZXJzOmpsY29ubGluOkRvY3VtZW50czpCaWJkZXNrUGFwZXJzOlJhdGhrb3BmOlJhdGhrb3BmMTk4NlRoZS1GLTAtMS5wZGYAAA4ANAAZAFIAYQB0AGgAawBvAHAAZgAxADkAOAA2AFQAaABlAC0ARgAtADAALQAxAC4AcABkAGYADwAUAAkAUABOADEAMgAxADMAMAA2ADcAEgBJVXNlcnMvamxjb25saW4vRG9jdW1lbnRzL0JpYmRlc2tQYXBlcnMvUmF0aGtvcGYvUmF0aGtvcGYxOTg2VGhlLUYtMC0xLnBkZgAAEwABLwAAFQACAA///wAAgAXSHB0eH1gkY2xhc3Nlc1okY2xhc3NuYW1lox8gIV1OU011dGFibGVEYXRhVk5TRGF0YVhOU09iamVjdF8QQC4uLy4uL0RvY3VtZW50cy9CaWJkZXNrUGFwZXJzL1JhdGhrb3BmL1JhdGhrb3BmMTk4NlRoZS1GLTAtMS5wZGbSHB0kJaIlIVxOU0RpY3Rpb25hcnkSAAGGoF8QD05TS2V5ZWRBcmNoaXZlcgAIABEAFgAfACgAMgA1ADoAPABFAEsAUgBdAGUAbABvAHEAcwB2AHgAegB8AIYAkwCYAKACfAJ+AoMCjAKXApsCqQKwArkC/AMBAwQDEQMWAAAAAAAAAgEAAAAAAAAAKAAAAAAAAAAAAAAAAAAAAyg=}}

@inproceedings{Kornreich:2002Semi--0,
	Author = {D. E. Kornreich and D. K. Parsons},
	Booktitle = {Trans. Am. Nucl. Soc.},
	Date-Added = {2010-07-22 13:34:16 -0600},
	Date-Modified = {2010-07-22 13:34:16 -0600},
	Pages = {152-154},
	Read = {1},
	Title = {Semi-Analytic Results and Insights into Difficult Source Convergence Problems},
	Volume = {87},
	Year = {2002},
	Bdsk-File-1 = {YnBsaXN0MDDUAQIDBAUIJidUJHRvcFgkb2JqZWN0c1gkdmVyc2lvblkkYXJjaGl2ZXLRBgdUcm9vdIABqAkKFRYXGyIjVSRudWxs0wsMDQ4RFFpOUy5vYmplY3RzV05TLmtleXNWJGNsYXNzog8QgASABqISE4ACgAOAB1lhbGlhc0RhdGFccmVsYXRpdmVQYXRo0hgNGRpXTlMuZGF0YU8RAeAAAAAAAeAAAgAACVBOMTIxMzA2NwAAAAAAAAAAAAAAAAAAAAAAAMeoCnBIKwAAAQDqgBpLb3JucmVpY2gyMDAyU2VtaS0tMC0xLlBERgAAAAAAAAAAAAAAAAAAAAAAAAAAAAAAAAAAAAAAAAAAAAAAAAABAKIwxnjNLAAAAAAAAAAAAAIABAAACSAAAAAAAAAAAAAAAAAAAAAJS29ybnJlaWNoAAAQAAgAAMeobOAAAAARAAgAAMZ5IYwAAAABABQBAOqAAQDGzwAD0J4AA9CRAACRkQACAFVQTjEyMTMwNjc6VXNlcnM6amxjb25saW46RG9jdW1lbnRzOkJpYmRlc2tQYXBlcnM6S29ybnJlaWNoOktvcm5yZWljaDIwMDJTZW1pLS0wLTEuUERGAAAOADYAGgBLAG8AcgBuAHIAZQBpAGMAaAAyADAAMAAyAFMAZQBtAGkALQAtADAALQAxAC4AUABEAEYADwAUAAkAUABOADEAMgAxADMAMAA2ADcAEgBLVXNlcnMvamxjb25saW4vRG9jdW1lbnRzL0JpYmRlc2tQYXBlcnMvS29ybnJlaWNoL0tvcm5yZWljaDIwMDJTZW1pLS0wLTEuUERGAAATAAEvAAAVAAIAD///AACABdIcHR4fWCRjbGFzc2VzWiRjbGFzc25hbWWjHyAhXU5TTXV0YWJsZURhdGFWTlNEYXRhWE5TT2JqZWN0XxBCLi4vLi4vRG9jdW1lbnRzL0JpYmRlc2tQYXBlcnMvS29ybnJlaWNoL0tvcm5yZWljaDIwMDJTZW1pLS0wLTEuUERG0hwdJCWiJSFcTlNEaWN0aW9uYXJ5EgABhqBfEA9OU0tleWVkQXJjaGl2ZXIACAARABYAHwAoADIANQA6ADwARQBLAFIAXQBlAGwAbwBxAHMAdgB4AHoAfACGAJMAmACgAoQChgKLApQCnwKjArECuALBAwYDCwMOAxsDIAAAAAAAAAIBAAAAAAAAACgAAAAAAAAAAAAAAAAAAAMy}}

@article{Booth:2010Exact-0,
	Abstract = {Recently, we proposed a modified power iteration method that simultaneously determines the dominant and subdominant eigenvalues and eigenfunctions of a matrix or a continuous operator. One advantage of this method is the convergence rate to the dominant eigenfunction being |k3|/k1 instead of |k2|/k1, a potentially significant acceleration. One challenge for a Monte Carlo implementation of this method is that the second eigenfunction is represented by particles of both positive and negative weights that somehow must sum (cancel) to estimate the second eigenfunction faithfully. Our previous Monte Carlo work has demonstrated the improved convergence rate by using a point flux estimator method and a binning method to effect this cancellation. This paper presents an exact method that cancels over a region instead of at points or in small bins and has the potential of being significantly more efficient than the other two.},
	Author = {Thomas E. Booth and James E. Gubernatis},
	Date-Added = {2010-07-22 13:13:55 -0600},
	Date-Modified = {2010-07-22 13:13:55 -0600},
	Journal = {Nuclear Science and Engineering},
	Number = {3},
	Pages = {283--291},
	Title = {Exact Regional Monte Carlo Weight Cancellation for Second Eigenfunction Calculations},
	Volume = {165},
	Year = {July 2010},
	Bdsk-File-1 = {YnBsaXN0MDDUAQIDBAUIJidUJHRvcFgkb2JqZWN0c1gkdmVyc2lvblkkYXJjaGl2ZXLRBgdUcm9vdIABqAkKFRYXGyIjVSRudWxs0wsMDQ4RFFpOUy5vYmplY3RzV05TLmtleXNWJGNsYXNzog8QgASABqISE4ACgAOAB1lhbGlhc0RhdGFccmVsYXRpdmVQYXRo0hgNGRpXTlMuZGF0YU8RAcQAAAAAAcQAAgAACVBOMTIxMzA2NwAAAAAAAAAAAAAAAAAAAAAAAMeoCnBIKwAAAQDp1RZCb290aDIwMTBFeGFjdC0wLTAucGRmAAAAAAAAAAAAAAAAAAAAAAAAAAAAAAAAAAAAAAAAAAAAAAAAAAAAAAABB/e6yEerrwAAAAAAAAAAAAIABAAACSAAAAAAAAAAAAAAAAAAAAAFQm9vdGgAABAACAAAx6hs4AAAABEACAAAyEgADwAAAAEAFAEA6dUBAMbPAAPQngAD0JEAAJGRAAIATVBOMTIxMzA2NzpVc2VyczpqbGNvbmxpbjpEb2N1bWVudHM6QmliZGVza1BhcGVyczpCb290aDpCb290aDIwMTBFeGFjdC0wLTAucGRmAAAOAC4AFgBCAG8AbwB0AGgAMgAwADEAMABFAHgAYQBjAHQALQAwAC0AMAAuAHAAZABmAA8AFAAJAFAATgAxADIAMQAzADAANgA3ABIAQ1VzZXJzL2psY29ubGluL0RvY3VtZW50cy9CaWJkZXNrUGFwZXJzL0Jvb3RoL0Jvb3RoMjAxMEV4YWN0LTAtMC5wZGYAABMAAS8AABUAAgAP//8AAIAF0hwdHh9YJGNsYXNzZXNaJGNsYXNzbmFtZaMfICFdTlNNdXRhYmxlRGF0YVZOU0RhdGFYTlNPYmplY3RfEDouLi8uLi9Eb2N1bWVudHMvQmliZGVza1BhcGVycy9Cb290aC9Cb290aDIwMTBFeGFjdC0wLTAucGRm0hwdJCWiJSFcTlNEaWN0aW9uYXJ5EgABhqBfEA9OU0tleWVkQXJjaGl2ZXIACAARABYAHwAoADIANQA6ADwARQBLAFIAXQBlAGwAbwBxAHMAdgB4AHoAfACGAJMAmACgAmgCagJvAngCgwKHApUCnAKlAuIC5wLqAvcC/AAAAAAAAAIBAAAAAAAAACgAAAAAAAAAAAAAAAAAAAMO}}

@inproceedings{Team:2002MCNP--0,
	Author = {X-5 Monte Carlo Team},
	Booktitle = {Trans. Am. Nucl. Soc.},
	Date-Added = {2010-07-21 16:55:30 -0600},
	Date-Modified = {2010-07-21 16:55:30 -0600},
	Institution = {American Nuclear Society},
	Local-Url = {file://localhost/Users/jlconlin/Documents/Education/Papers/Team/Team2002MCNP---.pdf},
	Month = {November},
	Number = {LA-UR-03-1987},
	Pages = {273},
	Publisher = {American Nuclear Society},
	Read = {1},
	Title = {MCNP---A General N-Particle Transport Code, Version 5---Volume I:Overview and Theory},
	Volume = {87},
	Year = {2002},
	Bdsk-File-1 = {YnBsaXN0MDDUAQIDBAUIJidUJHRvcFgkb2JqZWN0c1gkdmVyc2lvblkkYXJjaGl2ZXLRBgdUcm9vdIABqAkKFRYXGyIjVSRudWxs0wsMDQ4RFFpOUy5vYmplY3RzV05TLmtleXNWJGNsYXNzog8QgASABqISE4ACgAOAB1lhbGlhc0RhdGFccmVsYXRpdmVQYXRo0hgNGRpXTlMuZGF0YU8RAbwAAAAAAbwAAgAACVBOMTIxMzA2NwAAAAAAAAAAAAAAAAAAAAAAAMeoCnBIKwAAAQDrEBVUZWFtMjAwMk1DTlAtLTAtMS5wZGYAAAAAAAAAAAAAAAAAAAAAAAAAAAAAAAAAAAAAAAAAAAAAAAAAAAAAAAABAKPAwdy0qwAAAAAAAAAAAAIABAAACSAAAAAAAAAAAAAAAAAAAAAEVGVhbQAQAAgAAMeobOAAAAARAAgAAMHdFxsAAAABABQBAOsQAQDGzwAD0J4AA9CRAACRkQACAEtQTjEyMTMwNjc6VXNlcnM6amxjb25saW46RG9jdW1lbnRzOkJpYmRlc2tQYXBlcnM6VGVhbTpUZWFtMjAwMk1DTlAtLTAtMS5wZGYAAA4ALAAVAFQAZQBhAG0AMgAwADAAMgBNAEMATgBQAC0ALQAwAC0AMQAuAHAAZABmAA8AFAAJAFAATgAxADIAMQAzADAANgA3ABIAQVVzZXJzL2psY29ubGluL0RvY3VtZW50cy9CaWJkZXNrUGFwZXJzL1RlYW0vVGVhbTIwMDJNQ05QLS0wLTEucGRmAAATAAEvAAAVAAIAD///AACABdIcHR4fWCRjbGFzc2VzWiRjbGFzc25hbWWjHyAhXU5TTXV0YWJsZURhdGFWTlNEYXRhWE5TT2JqZWN0XxA4Li4vLi4vRG9jdW1lbnRzL0JpYmRlc2tQYXBlcnMvVGVhbS9UZWFtMjAwMk1DTlAtLTAtMS5wZGbSHB0kJaIlIVxOU0RpY3Rpb25hcnkSAAGGoF8QD05TS2V5ZWRBcmNoaXZlcgAIABEAFgAfACgAMgA1ADoAPABFAEsAUgBdAGUAbABvAHEAcwB2AHgAegB8AIYAkwCYAKACYAJiAmcCcAJ7An8CjQKUAp0C2ALdAuAC7QLyAAAAAAAAAgEAAAAAAAAAKAAAAAAAAAAAAAAAAAAAAwQ=}}

@inproceedings{Conlin:2009Secon-0,
	Address = {Washington, D.C.},
	Author = {Jeremy Lloyd Conlin and James Paul Holloway},
	Booktitle = {Trans. Am. Nucl. Soc.},
	Date-Added = {2010-07-21 15:22:11 -0600},
	Date-Modified = {2010-07-21 15:22:11 -0600},
	Issn = {0003-018X},
	Month = {November 15--19},
	Organization = {American Nuclear Society},
	Pages = {441--443},
	Title = {Second Order Approximations for Spatial Discretization in Arnoldi's Method for Monte Carlo Criticality Calculations},
	Volume = {101},
	Year = {2009},
	Bdsk-File-1 = {YnBsaXN0MDDUAQIDBAUIJidUJHRvcFgkb2JqZWN0c1gkdmVyc2lvblkkYXJjaGl2ZXLRBgdUcm9vdIABqAkKFRYXGyIjVSRudWxs0wsMDQ4RFFpOUy5vYmplY3RzV05TLmtleXNWJGNsYXNzog8QgASABqISE4ACgAOAB1lhbGlhc0RhdGFccmVsYXRpdmVQYXRo0hgNGRpXTlMuZGF0YU8RAcoAAAAAAcoAAgAACVBOMTIxMzA2NwAAAAAAAAAAAAAAAAAAAAAAAMeoCnBIKwAAAQDG4xdDb25saW4yMDA5U2Vjb24tMC0wLnBkZgAAAAAAAAAAAAAAAAAAAAAAAAAAAAAAAAAAAAAAAAAAAAAAAAAAAAABAbdDxq9RZAAAAAAAAAAAAAIABAAACSAAAAAAAAAAAAAAAAAAAAAGQ29ubGluABAACAAAx6hs4AAAABEACAAAxq+lxAAAAAEAFAEAxuMBAMbPAAPQngAD0JEAAJGRAAIAT1BOMTIxMzA2NzpVc2VyczpqbGNvbmxpbjpEb2N1bWVudHM6QmliZGVza1BhcGVyczpDb25saW46Q29ubGluMjAwOVNlY29uLTAtMC5wZGYAAA4AMAAXAEMAbwBuAGwAaQBuADIAMAAwADkAUwBlAGMAbwBuAC0AMAAtADAALgBwAGQAZgAPABQACQBQAE4AMQAyADEAMwAwADYANwASAEVVc2Vycy9qbGNvbmxpbi9Eb2N1bWVudHMvQmliZGVza1BhcGVycy9Db25saW4vQ29ubGluMjAwOVNlY29uLTAtMC5wZGYAABMAAS8AABUAAgAP//8AAIAF0hwdHh9YJGNsYXNzZXNaJGNsYXNzbmFtZaMfICFdTlNNdXRhYmxlRGF0YVZOU0RhdGFYTlNPYmplY3RfEDwuLi8uLi9Eb2N1bWVudHMvQmliZGVza1BhcGVycy9Db25saW4vQ29ubGluMjAwOVNlY29uLTAtMC5wZGbSHB0kJaIlIVxOU0RpY3Rpb25hcnkSAAGGoF8QD05TS2V5ZWRBcmNoaXZlcgAIABEAFgAfACgAMgA1ADoAPABFAEsAUgBdAGUAbABvAHEAcwB2AHgAegB8AIYAkwCYAKACbgJwAnUCfgKJAo0CmwKiAqsC6gLvAvIC/wMEAAAAAAAAAgEAAAAAAAAAKAAAAAAAAAAAAAAAAAAAAxY=}}

@article{Saad:1980Varia-0,
	Abstract = {It is shown that the method of Arnoldi can be successfully used for solvinglarge unsymmetric eigenproblems. Like the symmetric Lanczos method, Arnoldi's algorithm realizes a projection process onto the Krylov subspace Km spanned by v1,Av1,...,Am-1v1, where v1 is the initial vector. We therefore study the convergence of the approximate eigenelements obtained by such a process. In particular, when the eigenvalues of A are real, we obtain bounds for the rates of convergence similar to those for the symmetric Lanczos algorithm. Some practical methods are presented in addition to that of Arnoldi, and several numerical experiments are described.},
	Address = {NEW YORK},
	Author = {Saad, Y.},
	Cited-Reference-Count = {21},
	Cited-References = {ARNOLDI WE, 1951, Q APPL MATH, V9, P17 BJORCK A, 1979, NORD TIDSKR INFORM, V19, P145 DANIEL JW, 1976, MATH COMPUT, V30, P772 GOLUB GH, 1977, MATH SOFTWARE, V3, P361 JENNINGS A, 1975, J I MATH APPL, V15, P351 KANIEL S, 1966, MATH COMPUT, V20, P369 KRASNOSELSKII MA, 1972, APPROXIMATE SOLUTION LANCZOS C, 1950, J RES NAT BUR STAN B, V45, P255 LEWIS JG, THESIS LEWIS JG, 1977, 77595 STANF U REP LORENTZ GG, 1966, APPROXIMATION FUNCTI PAIGE CC, 1971, THESIS U LONDON PAIGE CC, 1974, SIAM J NUMER ANAL, V11, P197 PARLETT BN, 1980, SYMMETRIC EIGENVALUE RUHE A, 1979, MATH COMPUT, V33, P680 SAAD Y, UNPUBLISHED SAAD Y, 1974, THESIS U GRENOBLE SAAD Y, 1979, SEMINAR NUMERICAL AN, P321 STEWART GW, UNPUBLISHED STEWART GW, 1973, INTRO MATRIX COMPUTA WILKINSON JH, 1965, ALGEBRAIC EIGENVALUE},
	Date-Added = {2010-07-21 14:24:44 -0600},
	Date-Modified = {2010-07-21 14:25:51 -0600},
	Document-Type = {Article},
	Isi = {ISI:A1980KR27600014},
	Isi-Document-Delivery-Number = {KR276},
	Iso-Source-Abbreviation = {Linear Alg. Appl.},
	Issn = {0024-3795},
	Journal = {Linear Algebra and its Applications},
	Language = {English},
	Local-Url = {file://localhost/Users/jlconlin/Documents/Education/Papers/Saad/Saad1980Variati.pdf},
	Number = {DEC},
	Page-Count = {27},
	Pages = {269--295},
	Publication-Type = {J},
	Publisher = {ELSEVIER SCIENCE INC},
	Publisher-Address = {655 AVENUE OF THE AMERICAS, NEW YORK, NY 10010},
	Read = {1},
	Reprint-Address = {SAAD, Y, INST MATH APPL GRENOBLE,BP 53,F-38041 GRENOBLE,FRANCE.},
	Source = {LINEAR ALGEBRA APPL},
	Subject-Category = {Mathematics, Applied},
	Times-Cited = {209},
	Title = {Variations on Arnoldi's Method for Computing Eigenelements of large Unsymmetric Matrices},
	Volume = {34},
	Year = {1980},
	Bdsk-File-1 = {YnBsaXN0MDDUAQIDBAUIJidUJHRvcFgkb2JqZWN0c1gkdmVyc2lvblkkYXJjaGl2ZXLRBgdUcm9vdIABqAkKFRYXGyIjVSRudWxs0wsMDQ4RFFpOUy5vYmplY3RzV05TLmtleXNWJGNsYXNzog8QgASABqISE4ACgAOAB1lhbGlhc0RhdGFccmVsYXRpdmVQYXRo0hgNGRpXTlMuZGF0YU8RAbwAAAAAAbwAAgAACVBOMTIxMzA2NwAAAAAAAAAAAAAAAAAAAAAAAMeoCnBIKwAAAQDrNxVTYWFkMTk4MFZhcmlhLTAtMS5wZGYAAAAAAAAAAAAAAAAAAAAAAAAAAAAAAAAAAAAAAAAAAAAAAAAAAAAAAAABAKLowdy0qAAAAAAAAAAAAAIABAAACSAAAAAAAAAAAAAAAAAAAAAEU2FhZAAQAAgAAMeobOAAAAARAAgAAMHdFxgAAAABABQBAOs3AQDGzwAD0J4AA9CRAACRkQACAEtQTjEyMTMwNjc6VXNlcnM6amxjb25saW46RG9jdW1lbnRzOkJpYmRlc2tQYXBlcnM6U2FhZDpTYWFkMTk4MFZhcmlhLTAtMS5wZGYAAA4ALAAVAFMAYQBhAGQAMQA5ADgAMABWAGEAcgBpAGEALQAwAC0AMQAuAHAAZABmAA8AFAAJAFAATgAxADIAMQAzADAANgA3ABIAQVVzZXJzL2psY29ubGluL0RvY3VtZW50cy9CaWJkZXNrUGFwZXJzL1NhYWQvU2FhZDE5ODBWYXJpYS0wLTEucGRmAAATAAEvAAAVAAIAD///AACABdIcHR4fWCRjbGFzc2VzWiRjbGFzc25hbWWjHyAhXU5TTXV0YWJsZURhdGFWTlNEYXRhWE5TT2JqZWN0XxA4Li4vLi4vRG9jdW1lbnRzL0JpYmRlc2tQYXBlcnMvU2FhZC9TYWFkMTk4MFZhcmlhLTAtMS5wZGbSHB0kJaIlIVxOU0RpY3Rpb25hcnkSAAGGoF8QD05TS2V5ZWRBcmNoaXZlcgAIABEAFgAfACgAMgA1ADoAPABFAEsAUgBdAGUAbABvAHEAcwB2AHgAegB8AIYAkwCYAKACYAJiAmcCcAJ7An8CjQKUAp0C2ALdAuAC7QLyAAAAAAAAAgEAAAAAAAAAKAAAAAAAAAAAAAAAAAAAAwQ=},
	Bdsk-Url-1 = {http://www.sciencedirect.com/science/article/B6V0R-45GWNC9-J/2/f5a9c162b4d796b406e56f57b5d2812a}}

@inproceedings{Conlin:2008Arnol-0,
	Address = {Interlaken, Switzerland},
	Author = {Jeremy Lloyd Conlin and James Paul Holloway},
	Booktitle = {International Conference on Reactor Physics, Nuclear Power: A Sustainable Resource},
	Date-Added = {2010-07-21 10:08:00 -0600},
	Date-Modified = {2010-07-21 10:08:00 -0600},
	Month = {September 14-19},
	Read = {1},
	Title = {Arnoldi's Method of Minimized Iterations for Monte Carlo Criticality Calculations},
	Year = {2008},
	Bdsk-File-1 = {YnBsaXN0MDDUAQIDBAUIJidUJHRvcFgkb2JqZWN0c1gkdmVyc2lvblkkYXJjaGl2ZXLRBgdUcm9vdIABqAkKFRYXGyIjVSRudWxs0wsMDQ4RFFpOUy5vYmplY3RzV05TLmtleXNWJGNsYXNzog8QgASABqISE4ACgAOAB1lhbGlhc0RhdGFccmVsYXRpdmVQYXRo0hgNGRpXTlMuZGF0YU8RAcoAAAAAAcoAAgAACVBOMTIxMzA2NwAAAAAAAAAAAAAAAAAAAAAAAMeoCnBIKwAAAQDG4xdDb25saW4yMDA4QXJub2wtMC0wLnBkZgAAAAAAAAAAAAAAAAAAAAAAAAAAAAAAAAAAAAAAAAAAAAAAAAAAAAABAMlRxYfYwAAAAAAAAAAAAAIABAAACSAAAAAAAAAAAAAAAAAAAAAGQ29ubGluABAACAAAx6hs4AAAABEACAAAxYg7MAAAAAEAFAEAxuMBAMbPAAPQngAD0JEAAJGRAAIAT1BOMTIxMzA2NzpVc2VyczpqbGNvbmxpbjpEb2N1bWVudHM6QmliZGVza1BhcGVyczpDb25saW46Q29ubGluMjAwOEFybm9sLTAtMC5wZGYAAA4AMAAXAEMAbwBuAGwAaQBuADIAMAAwADgAQQByAG4AbwBsAC0AMAAtADAALgBwAGQAZgAPABQACQBQAE4AMQAyADEAMwAwADYANwASAEVVc2Vycy9qbGNvbmxpbi9Eb2N1bWVudHMvQmliZGVza1BhcGVycy9Db25saW4vQ29ubGluMjAwOEFybm9sLTAtMC5wZGYAABMAAS8AABUAAgAP//8AAIAF0hwdHh9YJGNsYXNzZXNaJGNsYXNzbmFtZaMfICFdTlNNdXRhYmxlRGF0YVZOU0RhdGFYTlNPYmplY3RfEDwuLi8uLi9Eb2N1bWVudHMvQmliZGVza1BhcGVycy9Db25saW4vQ29ubGluMjAwOEFybm9sLTAtMC5wZGbSHB0kJaIlIVxOU0RpY3Rpb25hcnkSAAGGoF8QD05TS2V5ZWRBcmNoaXZlcgAIABEAFgAfACgAMgA1ADoAPABFAEsAUgBdAGUAbABvAHEAcwB2AHgAegB8AIYAkwCYAKACbgJwAnUCfgKJAo0CmwKiAqsC6gLvAvIC/wMEAAAAAAAAAgEAAAAAAAAAKAAAAAAAAAAAAAAAAAAAAxY=}}

@book{Saad:1992Numer-0,
	Author = {Yousef Saad},
	Date-Added = {2010-07-20 15:30:18 -0600},
	Date-Modified = {2010-07-20 15:30:18 -0600},
	Local-Url = {file://localhost/Users/jlconlin/Documents/Education/Papers/Saad/Saad1992Numeric.pdf},
	Publisher = {Manchester University Press},
	Read = {1},
	Title = {Numerical Methods for Large Eigenvalue Problems},
	Year = {1992},
	Bdsk-File-1 = {YnBsaXN0MDDUAQIDBAUIJidUJHRvcFgkb2JqZWN0c1gkdmVyc2lvblkkYXJjaGl2ZXLRBgdUcm9vdIABqAkKFRYXGyIjVSRudWxs0wsMDQ4RFFpOUy5vYmplY3RzV05TLmtleXNWJGNsYXNzog8QgASABqISE4ACgAOAB1lhbGlhc0RhdGFccmVsYXRpdmVQYXRo0hgNGRpXTlMuZGF0YU8RAbwAAAAAAbwAAgAACVBOMTIxMzA2NwAAAAAAAAAAAAAAAAAAAAAAAMeoCnBIKwAAAQDrNxVTYWFkMTk5Mk51bWVyLTAtMS5wZGYAAAAAAAAAAAAAAAAAAAAAAAAAAAAAAAAAAAAAAAAAAAAAAAAAAAAAAAABAKLpwdy0qQAAAAAAAAAAAAIABAAACSAAAAAAAAAAAAAAAAAAAAAEU2FhZAAQAAgAAMeobOAAAAARAAgAAMHdFxkAAAABABQBAOs3AQDGzwAD0J4AA9CRAACRkQACAEtQTjEyMTMwNjc6VXNlcnM6amxjb25saW46RG9jdW1lbnRzOkJpYmRlc2tQYXBlcnM6U2FhZDpTYWFkMTk5Mk51bWVyLTAtMS5wZGYAAA4ALAAVAFMAYQBhAGQAMQA5ADkAMgBOAHUAbQBlAHIALQAwAC0AMQAuAHAAZABmAA8AFAAJAFAATgAxADIAMQAzADAANgA3ABIAQVVzZXJzL2psY29ubGluL0RvY3VtZW50cy9CaWJkZXNrUGFwZXJzL1NhYWQvU2FhZDE5OTJOdW1lci0wLTEucGRmAAATAAEvAAAVAAIAD///AACABdIcHR4fWCRjbGFzc2VzWiRjbGFzc25hbWWjHyAhXU5TTXV0YWJsZURhdGFWTlNEYXRhWE5TT2JqZWN0XxA4Li4vLi4vRG9jdW1lbnRzL0JpYmRlc2tQYXBlcnMvU2FhZC9TYWFkMTk5Mk51bWVyLTAtMS5wZGbSHB0kJaIlIVxOU0RpY3Rpb25hcnkSAAGGoF8QD05TS2V5ZWRBcmNoaXZlcgAIABEAFgAfACgAMgA1ADoAPABFAEsAUgBdAGUAbABvAHEAcwB2AHgAegB8AIYAkwCYAKACYAJiAmcCcAJ7An8CjQKUAp0C2ALdAuAC7QLyAAAAAAAAAgEAAAAAAAAAKAAAAAAAAAAAAAAAAAAAAwQ=}}

@inproceedings{Ueki:2003Infor-0,
	Author = {Taro Ueki and Forrest B. Brown},
	Booktitle = {American Nuclear Society 2003 Winter Meeting},
	Date-Added = {2010-07-20 09:52:25 -0600},
	Date-Modified = {2010-07-20 09:52:25 -0600},
	Month = {November 16-20},
	Organization = {American Nuclear Society},
	Publisher = {American Nuclear Society},
	Read = {1},
	Title = {Informatics Approach to Stationarity Diagnostics of the Monte Carlo Fission Source Distribution},
	Year = {2003},
	Bdsk-File-1 = {YnBsaXN0MDDUAQIDBAUIJidUJHRvcFgkb2JqZWN0c1gkdmVyc2lvblkkYXJjaGl2ZXLRBgdUcm9vdIABqAkKFRYXGyIjVSRudWxs0wsMDQ4RFFpOUy5vYmplY3RzV05TLmtleXNWJGNsYXNzog8QgASABqISE4ACgAOAB1lhbGlhc0RhdGFccmVsYXRpdmVQYXRo0hgNGRpXTlMuZGF0YU8RAbwAAAAAAbwAAgAACVBOMTIxMzA2NwAAAAAAAAAAAAAAAAAAAAAAAMeoCnBIKwAAAQDqZBVVZWtpMjAwM0luZm9yLTAtMS5wZGYAAAAAAAAAAAAAAAAAAAAAAAAAAAAAAAAAAAAAAAAAAAAAAAAAAAAAAAABAKPHxa8FsAAAAAAAAAAAAAIABAAACSAAAAAAAAAAAAAAAAAAAAAEVWVraQAQAAgAAMeobOAAAAARAAgAAMWvaCAAAAABABQBAOpkAQDGzwAD0J4AA9CRAACRkQACAEtQTjEyMTMwNjc6VXNlcnM6amxjb25saW46RG9jdW1lbnRzOkJpYmRlc2tQYXBlcnM6VWVraTpVZWtpMjAwM0luZm9yLTAtMS5wZGYAAA4ALAAVAFUAZQBrAGkAMgAwADAAMwBJAG4AZgBvAHIALQAwAC0AMQAuAHAAZABmAA8AFAAJAFAATgAxADIAMQAzADAANgA3ABIAQVVzZXJzL2psY29ubGluL0RvY3VtZW50cy9CaWJkZXNrUGFwZXJzL1Vla2kvVWVraTIwMDNJbmZvci0wLTEucGRmAAATAAEvAAAVAAIAD///AACABdIcHR4fWCRjbGFzc2VzWiRjbGFzc25hbWWjHyAhXU5TTXV0YWJsZURhdGFWTlNEYXRhWE5TT2JqZWN0XxA4Li4vLi4vRG9jdW1lbnRzL0JpYmRlc2tQYXBlcnMvVWVraS9VZWtpMjAwM0luZm9yLTAtMS5wZGbSHB0kJaIlIVxOU0RpY3Rpb25hcnkSAAGGoF8QD05TS2V5ZWRBcmNoaXZlcgAIABEAFgAfACgAMgA1ADoAPABFAEsAUgBdAGUAbABvAHEAcwB2AHgAegB8AIYAkwCYAKACYAJiAmcCcAJ7An8CjQKUAp0C2ALdAuAC7QLyAAAAAAAAAgEAAAAAAAAAKAAAAAAAAAAAAAAAAAAAAwQ=}}

@article{Ueki:2005Stati-0,
	Abstract = {In Monte Carlo criticality calculations, source error propagation through the stationary (active) cycles and source convergence in the settling (inactive) cycles are both dominated by the dominance ratio (DR) of fission kernels. For symmetric two-fissile-component systems with the DR close to unity, the extinction of fission source sites can occur in one of the components even when the initial source is symmetric and the number of histories per cycle is more than 1000. When such a system is made slightly asymmetric, the neutron effective multiplication factor at the inactive cycles does not reflect the convergence to stationary source distribution. To overcome this problem, relative entropy has been applied to a slightly asymmetric two-fissile-component problem with a DR of 0.993. The numerical results are mostly satisfactory but also show the possibility of the occasional occurrence of unnecessarily strict stationarity diagnostics. Therefore, a criterion is defined based on the concept of data compression limit in information theory. Numerical results for a pressurized water reactor fuel storage facility with a DR of 0.994 strongly support the efficacy of relative entropy in both the posterior and progressive stationarity diagnostics.},
	Author = {Taro Ueki and Forrest B. Brown},
	Date-Added = {2010-07-20 09:52:25 -0600},
	Date-Modified = {2010-07-20 09:52:25 -0600},
	Journal = {Nuclear Science and Engineering},
	Month = {January},
	Number = {1},
	Pages = {38-50},
	Read = {1},
	Title = {Stationarity Modeling and Informatics-Based Diagnostics in Monte Carlo Criticality Calculation},
	Volume = {149},
	Year = {2005},
	Bdsk-File-1 = {YnBsaXN0MDDUAQIDBAUIJidUJHRvcFgkb2JqZWN0c1gkdmVyc2lvblkkYXJjaGl2ZXLRBgdUcm9vdIABqAkKFRYXGyIjVSRudWxs0wsMDQ4RFFpOUy5vYmplY3RzV05TLmtleXNWJGNsYXNzog8QgASABqISE4ACgAOAB1lhbGlhc0RhdGFccmVsYXRpdmVQYXRo0hgNGRpXTlMuZGF0YU8RAbwAAAAAAbwAAgAACVBOMTIxMzA2NwAAAAAAAAAAAAAAAAAAAAAAAMeoCnBIKwAAAQDqZBVVZWtpMjAwNVN0YXRpLTAtMS5wZGYAAAAAAAAAAAAAAAAAAAAAAAAAAAAAAAAAAAAAAAAAAAAAAAAAAAAAAAABAKPLvdH7FwAAAAAAAAAAAAIABAAACSAAAAAAAAAAAAAAAAAAAAAEVWVraQAQAAgAAMeobOAAAAARAAgAAL3SXYcAAAABABQBAOpkAQDGzwAD0J4AA9CRAACRkQACAEtQTjEyMTMwNjc6VXNlcnM6amxjb25saW46RG9jdW1lbnRzOkJpYmRlc2tQYXBlcnM6VWVraTpVZWtpMjAwNVN0YXRpLTAtMS5wZGYAAA4ALAAVAFUAZQBrAGkAMgAwADAANQBTAHQAYQB0AGkALQAwAC0AMQAuAHAAZABmAA8AFAAJAFAATgAxADIAMQAzADAANgA3ABIAQVVzZXJzL2psY29ubGluL0RvY3VtZW50cy9CaWJkZXNrUGFwZXJzL1Vla2kvVWVraTIwMDVTdGF0aS0wLTEucGRmAAATAAEvAAAVAAIAD///AACABdIcHR4fWCRjbGFzc2VzWiRjbGFzc25hbWWjHyAhXU5TTXV0YWJsZURhdGFWTlNEYXRhWE5TT2JqZWN0XxA4Li4vLi4vRG9jdW1lbnRzL0JpYmRlc2tQYXBlcnMvVWVraS9VZWtpMjAwNVN0YXRpLTAtMS5wZGbSHB0kJaIlIVxOU0RpY3Rpb25hcnkSAAGGoF8QD05TS2V5ZWRBcmNoaXZlcgAIABEAFgAfACgAMgA1ADoAPABFAEsAUgBdAGUAbABvAHEAcwB2AHgAegB8AIYAkwCYAKACYAJiAmcCcAJ7An8CjQKUAp0C2ALdAuAC7QLyAAAAAAAAAgEAAAAAAAAAKAAAAAAAAAAAAAAAAAAAAwQ=}}

@inproceedings{Brown:2009A-Rev-0,
	Address = {Saratoga Springs, NY},
	Author = {Forrest B. Brown},
	Booktitle = {International Conference on Mathematics, Computational Methods \& Reactor Physics (M\&C 2009)},
	Date-Added = {2010-07-20 09:33:33 -0600},
	Date-Modified = {2010-07-20 09:33:33 -0600},
	Month = {May 3-7},
	Organization = {American Nuclear Society},
	Read = {1},
	Title = {A Review of Monte Carlo Criticality Calculations--Convergence, Bias, Statistics},
	Year = {2009},
	Bdsk-File-1 = {YnBsaXN0MDDUAQIDBAUIJidUJHRvcFgkb2JqZWN0c1gkdmVyc2lvblkkYXJjaGl2ZXLRBgdUcm9vdIABqAkKFRYXGyIjVSRudWxs0wsMDQ4RFFpOUy5vYmplY3RzV05TLmtleXNWJGNsYXNzog8QgASABqISE4ACgAOAB1lhbGlhc0RhdGFccmVsYXRpdmVQYXRo0hgNGRpXTlMuZGF0YU8RAcQAAAAAAcQAAgAACVBOMTIxMzA2NwAAAAAAAAAAAAAAAAAAAAAAAMeoCnBIKwAAAQDpvBZCcm93bjIwMDlBLVJldi0wLTEucGRmAAAAAAAAAAAAAAAAAAAAAAAAAAAAAAAAAAAAAAAAAAAAAAAAAAAAAAABAKEkxgx3DQAAAAAAAAAAAAIABAAACSAAAAAAAAAAAAAAAAAAAAAFQnJvd24AABAACAAAx6hs4AAAABEACAAAxgzLbQAAAAEAFAEA6bwBAMbPAAPQngAD0JEAAJGRAAIATVBOMTIxMzA2NzpVc2VyczpqbGNvbmxpbjpEb2N1bWVudHM6QmliZGVza1BhcGVyczpCcm93bjpCcm93bjIwMDlBLVJldi0wLTEucGRmAAAOAC4AFgBCAHIAbwB3AG4AMgAwADAAOQBBAC0AUgBlAHYALQAwAC0AMQAuAHAAZABmAA8AFAAJAFAATgAxADIAMQAzADAANgA3ABIAQ1VzZXJzL2psY29ubGluL0RvY3VtZW50cy9CaWJkZXNrUGFwZXJzL0Jyb3duL0Jyb3duMjAwOUEtUmV2LTAtMS5wZGYAABMAAS8AABUAAgAP//8AAIAF0hwdHh9YJGNsYXNzZXNaJGNsYXNzbmFtZaMfICFdTlNNdXRhYmxlRGF0YVZOU0RhdGFYTlNPYmplY3RfEDouLi8uLi9Eb2N1bWVudHMvQmliZGVza1BhcGVycy9Ccm93bi9Ccm93bjIwMDlBLVJldi0wLTEucGRm0hwdJCWiJSFcTlNEaWN0aW9uYXJ5EgABhqBfEA9OU0tleWVkQXJjaGl2ZXIACAARABYAHwAoADIANQA6ADwARQBLAFIAXQBlAGwAbwBxAHMAdgB4AHoAfACGAJMAmACgAmgCagJvAngCgwKHApUCnAKlAuIC5wLqAvcC/AAAAAAAAAIBAAAAAAAAACgAAAAAAAAAAAAAAAAAAAMO}}

@article{Arnoldi:1951The-P-0,
	Address = {Providence},
	Author = {Arnoldi, W. E.},
	Cited-Reference-Count = {3},
	Cited-References = {AITKEN AC, 1937, P ROY SOC EDINB, V57, P172 DUNCAN WJ, 1938, GALERKINS METHOD MEC, P1798 LANCZOS C, 1950, J RES NAT BUR STAN B, V45, P255},
	Date-Added = {2010-07-19 16:40:14 -0600},
	Date-Modified = {2010-07-19 16:40:14 -0600},
	Document-Type = {Article},
	Isi = {ISI:A1951XR60900002},
	Isi-Document-Delivery-Number = {XR609},
	Iso-Source-Abbreviation = {Q. Appl. Math.},
	Issn = {0033-569X},
	Journal = {Quarterly of Applied Mathematics},
	Language = {English},
	Local-Url = {file://localhost/Users/jlconlin/Documents/Education/Papers/Arnoldi/Arnoldi1951The%20Pri.pdf},
	Number = {1},
	Page-Count = {13},
	Pages = {17--29},
	Publication-Type = {J},
	Publisher = {AMER MATHEMATICAL SOC},
	Publisher-Address = {201 CHARLES ST, PROVIDENCE, RI 02940-2213},
	Read = {1},
	Source = {QUART APPL MATH},
	Subject-Category = {Mathematics, Applied},
	Times-Cited = {365},
	Title = {The Principle of Minimized Iterations in the Solution of the Matrix Eigenvalue Problem},
	Volume = {9},
	Year = {1951},
	Bdsk-File-1 = {YnBsaXN0MDDUAQIDBAUIJidUJHRvcFgkb2JqZWN0c1gkdmVyc2lvblkkYXJjaGl2ZXLRBgdUcm9vdIABqAkKFRYXGyIjVSRudWxs0wsMDQ4RFFpOUy5vYmplY3RzV05TLmtleXNWJGNsYXNzog8QgASABqISE4ACgAOAB1lhbGlhc0RhdGFccmVsYXRpdmVQYXRo0hgNGRpXTlMuZGF0YU8RAdIAAAAAAdIAAgAACVBOMTIxMzA2NwAAAAAAAAAAAAAAAAAAAAAAAMeoCnBIKwAAAQDtCxhBcm5vbGRpMTk1MVRoZS1QLTAtMC5wZGYAAAAAAAAAAAAAAAAAAAAAAAAAAAAAAAAAAAAAAAAAAAAAAAAAAAABAKD9wdy0lAAAAAAAAAAAAAIABAAACSAAAAAAAAAAAAAAAAAAAAAHQXJub2xkaQAAEAAIAADHqGzgAAAAEQAIAADB3RcEAAAAAQAUAQDtCwEAxs8AA9CeAAPQkQAAkZEAAgBRUE4xMjEzMDY3OlVzZXJzOmpsY29ubGluOkRvY3VtZW50czpCaWJkZXNrUGFwZXJzOkFybm9sZGk6QXJub2xkaTE5NTFUaGUtUC0wLTAucGRmAAAOADIAGABBAHIAbgBvAGwAZABpADEAOQA1ADEAVABoAGUALQBQAC0AMAAtADAALgBwAGQAZgAPABQACQBQAE4AMQAyADEAMwAwADYANwASAEdVc2Vycy9qbGNvbmxpbi9Eb2N1bWVudHMvQmliZGVza1BhcGVycy9Bcm5vbGRpL0Fybm9sZGkxOTUxVGhlLVAtMC0wLnBkZgAAEwABLwAAFQACAA///wAAgAXSHB0eH1gkY2xhc3Nlc1okY2xhc3NuYW1lox8gIV1OU011dGFibGVEYXRhVk5TRGF0YVhOU09iamVjdF8QPi4uLy4uL0RvY3VtZW50cy9CaWJkZXNrUGFwZXJzL0Fybm9sZGkvQXJub2xkaTE5NTFUaGUtUC0wLTAucGRm0hwdJCWiJSFcTlNEaWN0aW9uYXJ5EgABhqBfEA9OU0tleWVkQXJjaGl2ZXIACAARABYAHwAoADIANQA6ADwARQBLAFIAXQBlAGwAbwBxAHMAdgB4AHoAfACGAJMAmACgAnYCeAJ9AoYCkQKVAqMCqgKzAvQC+QL8AwkDDgAAAAAAAAIBAAAAAAAAACgAAAAAAAAAAAAAAAAAAAMg}}

@article{Warsa:2004Krylo-0,
	Abstract = {The Implicitly Restarted Arnoldi Method (IRAM), a Krylov subspace iterative method, applied to k-eigenvalue calculations for criticality problems in deterministic transport codes is discussed. A computationally efficient alternative to the power iteration method that is typically used for such problems, the IRAM not only finds the largest eigenvalue but also several additional higher order eigenvectors with little extra computational cost. Implementation requires only modest changes to existing power iteration coding present in an SN transport program. Numerical results are presented for three-dimensional SN transport on unstructured tetrahedral meshes to compare the IRAM results with those computed using the traditional, unaccelerated power iteration method The results indicate that the IRAM can be an efficient and powerful technique, especially for problems with dominance ratios approaching unity.},
	Address = {LA GRANGE PK},
	Author = {Warsa, J. S. and Wareing, T. A. and Morel, J. E. and McGhee, J. M. and Lehoucq, R. B.},
	Author-Address = {Los Alamos Natl Lab, Transport Methods Grp, Los Alamos, NM 87545 USA. Sandia Natl Labs, Computat Math & Algorithms Dept, Albuquerque, NM 87185 USA.},
	Cited-Reference-Count = {38},
	Cited-References = {ADAMS BT, 1993, NUCL SCI ENG, V115, P253;ADAMS ML, 2001, NUCL SCI ENG, V137, P298;ALLEN EJ, 2002, ANN NUCL ENERGY, V29, P929;AXELSSON O, 1996, ITERATIVE SOLUTION M;BELL GI, 1963, LAMS2941 LOS AL SCI;BOURAS A, UNPUB SIAM J MATRIX;BOURAS A, 2000, TRPA0016 CERFACS;BOURAS A, 2000, TRPA0017 CERFACS EUR;FISCHER B, 1991, J APPROX THEORY, V65, P261;GOLUB GH, 1989, MATRIX COMPUTATIONS;GUTKNECHT MH, 2002, PARALLEL COMPUT, V28, P263;HAGEMAN LA, 1981, APPL ITERATIVE METHO;HANSEN GE, 1961, LAMS2543 LOS AL SCI;LEHOUCQ RB, 1998, ARPACK USERS GUIDE;LEHOUCQ RB, 2001, SIAM J MATRIX ANAL A, V23, P551;LEWIS EE, 1984, COMPUTATIONAL METHOD;LEWIS EE, 2001, 200117 NEANSCDOC ORG;MANTEUFFEL TA, 1977, NUMER MATH, V28, P307;MARCHUK GI, 1986, NUMERICAL METHOD THE;MASCHHOFF KJ, 1996, LECT NOTES COMPUTER, V1184;MODAK RS, 1995, ANN NUCL ENERGY, V22, P359;MOREL JE, 1989, NUCL SCI ENG, V101, P72;RAMONE GL, 1997, NUCL SCI ENG, V125, P257;SANCHEZ R, 2001, P 2001 INT M MATH ME;SANTANDREA S, 2002, ANN NUCL ENERGY, V29, P323;SIMONCINI V, 2002, 02412 TEMPL U;SORENSEN DC, 1992, SIAM J MATRIX ANAL A, V13, P357;SORENSEN DC, 2002, ACT NUMERIC, V11, P519;STEWART GW, 2001, MATRIX ALGORITHMS, V2;TREFETHEN LN, 1997, NUMERICAL LINEAR ALG;VARGA RS, 1966, MATRIX ITERATIVE ANA;VERDU G, 1999, ANN NUCL ENERGY, V26, P579;VIDAL V, 1998, INT J NUMER METH ENG, V41, P391;WAREING TA, 1991, P INT TOPL M ADV MAT, V3;WAREING TA, 1996, T AM NUCL SOC, V75, P146;WARSA JS, UNPUB NUCL SCI ENG;WARSA JS, 2002, NUCL SCI ENG, V141, P236;WARSA JS, 2003, P TOPL M MATH COMP 2},
	Date = {MAY},
	Date-Added = {2010-07-19 16:32:48 -0600},
	Date-Modified = {2010-07-19 16:32:48 -0600},
	Document-Type = {Article},
	E-Mail-Address = {warsa@lanl.gov},
	Isi = {ISI:000221011500002},
	Isi-Document-Delivery-Number = {814ZB},
	Iso-Source-Abbreviation = {Nucl. Sci. Eng.},
	Issn = {0029-5639},
	Journal = {Nuclear Science and Engineering},
	Keywords = {SYNTHETIC ACCELERATION; TRANSPORT-EQUATION; ARNOLDI METHOD; MESHES},
	Language = {English},
	Local-Url = {file://localhost/Users/jlconlin/Documents/Education/Papers/Warsa/Warsa2004Krylov%20.pdf},
	Month = {May},
	Number = {1},
	Page-Count = {17},
	Pages = {26--42},
	Publication-Type = {J},
	Publisher = {AMER NUCLEAR SOCIETY},
	Publisher-Address = {555 N KENSINGTON AVENUE, LA GRANGE PK, IL 60526 USA},
	Read = {1},
	Reprint-Address = {Warsa, JS, Los Alamos Natl Lab, Transport Methods Grp, POB 1663, Los Alamos, NM 87545 USA.},
	Source = {NUCL SCI ENG},
	Subject-Category = {Nuclear Science & Technology},
	Times-Cited = {4},
	Title = {Krylov subspace iterations for deterministic k-eigenvalue calculations},
	Volume = {147},
	Year = {2004},
	Bdsk-File-1 = {YnBsaXN0MDDUAQIDBAUIJidUJHRvcFgkb2JqZWN0c1gkdmVyc2lvblkkYXJjaGl2ZXLRBgdUcm9vdIABqAkKFRYXGyIjVSRudWxs0wsMDQ4RFFpOUy5vYmplY3RzV05TLmtleXNWJGNsYXNzog8QgASABqISE4ACgAOAB1lhbGlhc0RhdGFccmVsYXRpdmVQYXRo0hgNGRpXTlMuZGF0YU8RAcQAAAAAAcQAAgAACVBOMTIxMzA2NwAAAAAAAAAAAAAAAAAAAAAAAMeoCnBIKwAAAQDL9hZXYXJzYTIwMDRLcnlsby0wLTIucGRmAAAAAAAAAAAAAAAAAAAAAAAAAAAAAAAAAAAAAAAAAAAAAAAAAAAAAAABAKPvwleBpAAAAAAAAAAAAAIABAAACSAAAAAAAAAAAAAAAAAAAAAFV2Fyc2EAABAACAAAx6hs4AAAABEACAAAwlfWBAAAAAEAFAEAy/YBAMbPAAPQngAD0JEAAJGRAAIATVBOMTIxMzA2NzpVc2VyczpqbGNvbmxpbjpEb2N1bWVudHM6QmliZGVza1BhcGVyczpXYXJzYTpXYXJzYTIwMDRLcnlsby0wLTIucGRmAAAOAC4AFgBXAGEAcgBzAGEAMgAwADAANABLAHIAeQBsAG8ALQAwAC0AMgAuAHAAZABmAA8AFAAJAFAATgAxADIAMQAzADAANgA3ABIAQ1VzZXJzL2psY29ubGluL0RvY3VtZW50cy9CaWJkZXNrUGFwZXJzL1dhcnNhL1dhcnNhMjAwNEtyeWxvLTAtMi5wZGYAABMAAS8AABUAAgAP//8AAIAF0hwdHh9YJGNsYXNzZXNaJGNsYXNzbmFtZaMfICFdTlNNdXRhYmxlRGF0YVZOU0RhdGFYTlNPYmplY3RfEDouLi8uLi9Eb2N1bWVudHMvQmliZGVza1BhcGVycy9XYXJzYS9XYXJzYTIwMDRLcnlsby0wLTIucGRm0hwdJCWiJSFcTlNEaWN0aW9uYXJ5EgABhqBfEA9OU0tleWVkQXJjaGl2ZXIACAARABYAHwAoADIANQA6ADwARQBLAFIAXQBlAGwAbwBxAHMAdgB4AHoAfACGAJMAmACgAmgCagJvAngCgwKHApUCnAKlAuIC5wLqAvcC/AAAAAAAAAIBAAAAAAAAACgAAAAAAAAAAAAAAAAAAAMO}}

@article{Mendelson:1968Monte-0,
	Address = {555 N KENSINGTON AVENUE, LA GRANGE PK, IL 60525},
	Author = {M. R. Mendelson},
	Date-Added = {2010-07-19 16:20:56 -0600},
	Date-Modified = {2010-07-19 16:20:56 -0600},
	Isi = {A1968B175800005},
	Isi-Recid = {15220976},
	Isi-Ref-Recids = {14047770 15220977 11780207 13351039 15220978 15220979 14155309 13454860 15220980 13454887 15220981 9499506 9751931 15220982 15220983 15220984 12336395 9898795 14155312 15220985 15220986 13386830 14047784 15220987 15220988 15220989 15220990 15220991 12652550 12548772 15220992 14047773},
	Journal = {Nuclear Science and Engineering},
	Number = {3},
	Pages = {319-\&},
	Publisher = {AMER NUCLEAR SOCIETY},
	Times-Cited = {8},
	Title = {Monte Carlo Criticality Calculations for Thermal Reactors},
	Volume = {32},
	Year = {1968},
	Bdsk-Url-1 = {http://gateway.isiknowledge.com/gateway/Gateway.cgi?GWVersion=2&SrcAuth=Alerting&SrcApp=Alerting&DestApp=WOS&DestLinkType=FullRecord;KeyUT=A1968B175800005}}

@article{Lieberoth:1968A-Mon-0,
	Author = {J. Lieberoth},
	Date-Added = {2010-07-19 16:18:16 -0600},
	Date-Modified = {2010-07-19 16:22:25 -0600},
	Isi = {A1968B791700001},
	Isi-Recid = {15560263},
	Isi-Ref-Recids = {15560264 5696925 15560265 15560266 15560267 15560268 15560269 10963487 15560270 15560271 15560272},
	Journal = {Nukleonik},
	Number = {5},
	Pages = {213-\&},
	Times-Cited = {10},
	Title = {A Monte Carlo Technique to Solve the Static Eigenvalue Problem of the Boltzmann Transport Equation},
	Volume = {11},
	Year = {1968},
	Bdsk-Url-1 = {http://gateway.isiknowledge.com/gateway/Gateway.cgi?GWVersion=2&SrcAuth=Alerting&SrcApp=Alerting&DestApp=WOS&DestLinkType=FullRecord;KeyUT=A1968B791700001}}

@techreport{Kaplan:1958Monte-0,
	Author = {E. L. Kaplan},
	Date-Added = {2010-07-19 16:16:57 -0600},
	Date-Modified = {2010-07-19 16:16:57 -0600},
	Institution = {Livermore National Laboratory},
	Number = {UCRL-5275-T},
	Title = {Monte Carlo Methods for Equilibrium Solutions in Neutron Multiplication},
	Year = {1958}}

@article{Goad:1959A-Mon-0,
	Address = {555 N KENSINGTON AVENUE, LA GRANGE PK, IL 60525},
	Author = {W. Goad and R. Johnston},
	Date-Added = {2010-07-19 16:16:19 -0600},
	Date-Modified = {2010-07-19 16:21:55 -0600},
	Isi = {A1959XG04900003},
	Isi-Recid = {5696925},
	Isi-Ref-Recids = {111524 5696926 5696927 377667},
	Journal = {Nuclear Science and Engineering},
	Number = {6},
	Pages = {371-375},
	Publisher = {AMER NUCLEAR SOCIETY},
	Times-Cited = {5},
	Title = {A Monte Carlo Method for Criticality Problems},
	Volume = {5},
	Year = {1959},
	Bdsk-Url-1 = {http://gateway.isiknowledge.com/gateway/Gateway.cgi?GWVersion=2&SrcAuth=Alerting&SrcApp=Alerting&DestApp=WOS&DestLinkType=FullRecord;KeyUT=A1959XG04900003}}

@inproceedings{Conlin:2009Relax-0,
	Abstract = {In a recent paper we have shown that an explicitly restarted Arnoldi's method can be used to calculate eigenvalues and eigenvectors for Monte Carlo criticality applications. In this paper we present further research in a Monte Carlo application of Arnoldi's method of minimized iterations. We have implemented a relaxed matrix-vector product to reduce the uncertainty of the mean of eigenvalue estimates while maintaining the convergence properties of Arnoldi's method.},
	Address = {Saratoga Springs, NY},
	Author = {Jeremy Lloyd Conlin and James Paul Holloway},
	Booktitle = {International Conference on Mathematics, Computational Methods \& Reactor Physics (M\&C 2009)},
	Date-Added = {2010-07-19 16:03:55 -0600},
	Date-Modified = {2010-07-21 11:36:25 -0600},
	Month = {May 3-7},
	Organization = {American Nuclear Society},
	Read = {1},
	Title = {Relaxation Scheme for Monte Carlo Explicitly Restarted Arnoldi's Method for Criticality Calculations},
	Year = {2009},
	Bdsk-File-1 = {YnBsaXN0MDDUAQIDBAUIJidUJHRvcFgkb2JqZWN0c1gkdmVyc2lvblkkYXJjaGl2ZXLRBgdUcm9vdIABqAkKFRYXGyIjVSRudWxs0wsMDQ4RFFpOUy5vYmplY3RzV05TLmtleXNWJGNsYXNzog8QgASABqISE4ACgAOAB1lhbGlhc0RhdGFccmVsYXRpdmVQYXRo0hgNGRpXTlMuZGF0YU8RAcoAAAAAAcoAAgAACVBOMTIxMzA2NwAAAAAAAAAAAAAAAAAAAAAAAMeoCnBIKwAAAQDG4xdDb25saW4yMDA5UmVsYXgtMC0xLnBkZgAAAAAAAAAAAAAAAAAAAAAAAAAAAAAAAAAAAAAAAAAAAAAAAAAAAAABAKEyxdKE7gAAAAAAAAAAAAIABAAACSAAAAAAAAAAAAAAAAAAAAAGQ29ubGluABAACAAAx6hs4AAAABEACAAAxdLnXgAAAAEAFAEAxuMBAMbPAAPQngAD0JEAAJGRAAIAT1BOMTIxMzA2NzpVc2VyczpqbGNvbmxpbjpEb2N1bWVudHM6QmliZGVza1BhcGVyczpDb25saW46Q29ubGluMjAwOVJlbGF4LTAtMS5wZGYAAA4AMAAXAEMAbwBuAGwAaQBuADIAMAAwADkAUgBlAGwAYQB4AC0AMAAtADEALgBwAGQAZgAPABQACQBQAE4AMQAyADEAMwAwADYANwASAEVVc2Vycy9qbGNvbmxpbi9Eb2N1bWVudHMvQmliZGVza1BhcGVycy9Db25saW4vQ29ubGluMjAwOVJlbGF4LTAtMS5wZGYAABMAAS8AABUAAgAP//8AAIAF0hwdHh9YJGNsYXNzZXNaJGNsYXNzbmFtZaMfICFdTlNNdXRhYmxlRGF0YVZOU0RhdGFYTlNPYmplY3RfEDwuLi8uLi9Eb2N1bWVudHMvQmliZGVza1BhcGVycy9Db25saW4vQ29ubGluMjAwOVJlbGF4LTAtMS5wZGbSHB0kJaIlIVxOU0RpY3Rpb25hcnkSAAGGoF8QD05TS2V5ZWRBcmNoaXZlcgAIABEAFgAfACgAMgA1ADoAPABFAEsAUgBdAGUAbABvAHEAcwB2AHgAegB8AIYAkwCYAKACbgJwAnUCfgKJAo0CmwKiAqsC6gLvAvIC/wMEAAAAAAAAAgEAAAAAAAAAKAAAAAAAAAAAAAAAAAAAAxY=}}
